@book{wilkinson2006grammar,
  title={The grammar of graphics},
  author={Wilkinson, Leland},
  year={2006},
  publisher={Springer Science \& Business Media}
}
